@article{PhysRevA.52.R2493,
  title = {Scheme for reducing decoherence in quantum computer memory},
  author = {Shor, Peter W.},
  journal = {Phys. Rev. A},
  volume = {52},
  issue = {4},
  pages = {R2493--R2496},
  numpages = {0},
  year = {1995},
  month = {Oct},
  publisher = {American Physical Society},
  doi = {10.1103/PhysRevA.52.R2493},
  url = {https://link.aps.org/doi/10.1103/PhysRevA.52.R2493}
}


@article{Gottesman1997StabilizerCA,
  title={Stabilizer Codes and Quantum Error Correction},
  author={Daniel Gottesman},
  journal={arXiv: Quantum Physics},
  year={1997}
}

@article{devitt2013quantum,
  title={Quantum error correction for beginners},
  author={Devitt, Simon J and Munro, William J and Nemoto, Kae},
  journal={Reports on Progress in Physics},
  volume={76},
  number={7},
  pages={076001},
  year={2013},
  publisher={IOP Publishing}
}

